@online{aemc1,
  author = {Australian Energy Market Commission},
  title = {Electricity},
  year = 2019,
  url = {https://www.aemc.gov.au/energy-system/electricity},
  urldate = {2019-05-16}
}

@online{aemc2,
  author = {Australian Energy Market Commission},
  title = {Electricity Market},
  year = 2019,
  url = {https://www.aemc.gov.au/energy-systemelectricity/electricity-market},
  urldate = {2019-05-16}
}

@online{aer1,
  author = {Australian Energy Regulator},
  title = {State of the energy market},
  year = 2017,
  url = {https://www.aer.gov.au/publications/state-of-the-energy-market-reports/state-of-the-energy-market-may-2017},
  urldate = {2019-05-16}
}

@online{aemo1,
  author = {Australian Energy Market Operator},
  title = {National electricity Market},
  year = 2019,
  url = {https://www.aemo.com.au/Electricity/National-Electricity-Market-NEM},
  urldate = {2019-05-16}
}

@online{aemo1pic,
  author = {Australian Energy Market Operator},
  title = {Transport of Electricity},
  year = 2019,
  url = {https://www.aemo.com.au/Electricity/National-Electricity-Market-NEM},
  urldate = {2019-05-16}
}